@misc{sae,
    title        = {Présentation de la SAE},
    author       = {FORTIN CAMDAVANT, Nisrine  and RANISAVLJEVIC, Elisabeth }, 
    howpublished = {Document interne fourni en préambule du projet},
    year         = {2025},
}
@misc{debruitage,
    title        = {Débruitage d'images par analyse en composantes principales},
    author       = {FORTIN CAMDAVANT, Nisrine}, 
    howpublished = {Document interne fourni en préambule du projet},
    year         = {2025},
}
@misc{saeMethode,
    title        = {SAE - Descriptif et objectifs},
    author       = {FORTIN CAMDAVANT, Nisrine}, 
    howpublished = {Document interne fourni en préambule du projet},
    year         = {2025},
}
@article{origineBruit,
    author    = {MAYASARI, Rini and HERYANA, Nono },
    title     = {Reduce Noise in Computed Tomography Image using Adaptive Gaussian Filter},
    journal   = {International Journal of Computer Techniques},
    year      = {2019},
    volume    = {6},
    number    = {1},
    pages     = {17--20},
    issn      = {2394-2231},
    url       = {https://arxiv.org/pdf/1902.05985}
}
@article{learningDenoising,
    author    = {El Helou, Majed and Süsstrunk, Sabine},
    title     = {Blind Universal Bayesian Image Denoising With Gaussian Noise Level Learning},
    journal   = {IEEE Transactions on Image Processing},
    year      = {2020},
    volume    = {29},
    pages     = {4885-4897},
    issn      = {1941-0042},
    url       = {https://ieeexplore.ieee.org/abstract/document/9024220}
}
@article{globalLocal,
    author    = {Wu, W. and Dong, X. and Li, R. and Chen, H. and Cheng, L. },
    title     = {SwinDenoising: A Local and Global Feature Fusion Algorithm for Infrared Image Denoising },
    journal   = {Mathematics},
    year      = {2024},
    volume    = {12},
    url       = {https://doi.org/10.3390/math12192968}
}
