@misc{sae,
    title        = {Présentation de la SAE},
    author       = {FORTIN CAMDAVANT, Nisrine  and RANISAVLJEVIC, Elisabeth }, 
    howpublished = {Document interne fourni en préambule du projet},
    year         = {2025},
}
@misc{debruitage,
    title        = {Débruitage d'images par analyse en composantes principales},
    author       = {FORTIN CAMDAVANT, Nisrine}, 
    howpublished = {Document interne fourni en préambule du projet},
    year         = {2025},
}
@misc{saeMethode,
    title        = {SAE - Descriptif et objectifs},
    author       = {FORTIN CAMDAVANT, Nisrine}, 
    howpublished = {Document interne fourni en préambule du projet},
    year         = {2025},
}
@article{origineBruit,
    author    = {MAYASARI, Rini and HERYANA, Nono },
    title     = {Reduce Noise in Computed Tomography Image using Adaptive Gaussian Filter},
    journal   = {International Journal of Computer Techniques},
    year      = {2019},
    volume    = {6},
    number    = {1},
    pages     = {17--20},
    issn      = {2394-2231},
    url       = {https://arxiv.org/pdf/1902.05985}
}
